@article{lecun2015deep,
  title={Deep learning},
  author={LeCun, Yann and Bengio, Yoshua and Hinton, Geoffrey},
  journal={Nature},
  volume={521},
  number={7553},
  pages={436--444},
  year={2015},
  publisher={Nature Publishing Group}
},
@book{dlbook,
    title={Deep Learning},
    author={Ian Goodfellow and Yoshua Bengio and Aaron Courville},
    publisher={MIT Press},
    note={\url{http://www.deeplearningbook.org}},
    year={2016}
},
@article{von2000visual,
  title={Visual behaviour mediated by retinal projections directed to the auditory pathway},
  author={Von Melchner, Laurie and Pallas, Sarah L and Sur, Mriganka},
  journal={Nature},
  volume={404},
  number={6780},
  pages={871--876},
  year={2000},
  publisher={Nature Publishing Group}
},
@article{mcculloch1943logical,
  title={A logical calculus of the ideas immanent in nervous activity},
  author={McCulloch, Warren S and Pitts, Walter},
  journal={The bulletin of mathematical biophysics},
  volume={5},
  number={4},
  pages={115--133},
  year={1943},
  publisher={Springer}
},
@article{lecun1998gradient,
  title={Gradient-based learning applied to document recognition},
  author={LeCun, Yann and Bottou, L{\'e}on and Bengio, Yoshua and Haffner, Patrick},
  journal={Proceedings of the IEEE},
  volume={86},
  number={11},
  pages={2278--2324},
  year={1998},
  publisher={IEEE}
},
@article{lecun1989generalization,
  title={Generalization and network design strategies},
  author={LeCun, Yann and others},
  journal={Connectionism in perspective},
  pages={143--155},
  year={1989},
  publisher={Zurich, Switzerland: Elsevier}
},
@inproceedings{krizhevsky2012imagenet,
  title={Imagenet classification with deep convolutional neural networks},
  author={Krizhevsky, Alex and Sutskever, Ilya and Hinton, Geoffrey E},
  booktitle={Advances in neural information processing systems},
  pages={1097--1105},
  year={2012}
}
@article{ioffe2015batch,
  title={Batch normalization: Accelerating deep network training by reducing internal covariate shift},
  author={Ioffe, Sergey and Szegedy, Christian},
  journal={arXiv preprint arXiv:1502.03167},
  year={2015}
}
@article{mitchell1997machine,
  title={Machine learning. 1997},
  author={Mitchell, Tom M},
  journal={Burr Ridge, IL: McGraw Hill},
  volume={45},
  pages={37},
  year={1997}
}
@inproceedings{taigman2014deepface,
  title={Deepface: Closing the gap to human-level performance in face verification},
  author={Taigman, Yaniv and Yang, Ming and Ranzato, Marc'Aurelio and Wolf, Lior},
  booktitle={Proceedings of the IEEE Conference on Computer Vision and Pattern Recognition},
  pages={1701--1708},
  year={2014}
}
@misc{cognitiveservice,
  title = {Microsoft Cognitive Service},
  howpublished = {\url{https://www.microsoft.com/cognitive-services/}},
  note = {Retrieved: 2017-01-11}
}
@article{simonyan2014very,
  title={Very deep convolutional networks for large-scale image recognition},
  author={Simonyan, Karen and Zisserman, Andrew},
  journal={arXiv preprint arXiv:1409.1556},
  year={2014}
}
@inproceedings{zhou1988computation,
  title={Computation of optical flow using a neural network},
  author={Zhou, YT and Chellappa, R},
  booktitle={Neural Networks, 1988., IEEE International Conference on},
  pages={71--78},
  year={1988},
  organization={IEEE}
}
@article{srivastava2014dropout,
  title={Dropout: a simple way to prevent neural networks from overfitting.},
  author={Srivastava, Nitish and Hinton, Geoffrey E and Krizhevsky, Alex and Sutskever, Ilya and Salakhutdinov, Ruslan},
  journal={Journal of Machine Learning Research},
  volume={15},
  number={1},
  pages={1929--1958},
  year={2014}
}
@inproceedings{chilimbi2014project,
  title={Project adam: Building an efficient and scalable deep learning training system},
  author={Chilimbi, Trishul and Suzue, Yutaka and Apacible, Johnson and Kalyanaraman, Karthik},
  booktitle={11th USENIX Symposium on Operating Systems Design and Implementation (OSDI 14)},
  pages={571--582},
  year={2014}
}
@inproceedings{boser1992training,
  title={A training algorithm for optimal margin classifiers},
  author={Boser, Bernhard E and Guyon, Isabelle M and Vapnik, Vladimir N},
  booktitle={Proceedings of the fifth annual workshop on Computational learning theory},
  pages={144--152},
  year={1992},
  organization={ACM}
}
@article{hinton2007recognize,
  title={To recognize shapes, first learn to generate images},
  author={Hinton, Geoffrey E},
  journal={Progress in brain research},
  volume={165},
  pages={535--547},
  year={2007},
  publisher={Elsevier}
}
@inproceedings{szegedy2013deep,
  title={Deep neural networks for object detection},
  author={Szegedy, Christian and Toshev, Alexander and Erhan, Dumitru},
  booktitle={Advances in Neural Information Processing Systems},
  pages={2553--2561},
  year={2013}
}
